@inproceedings{vaswani2017,
  author    = {A. Vaswani and N. Shazeer and N. Parmar and J. Uszkoreit and L. Jones and A. Gomez and L. Kaiser and I. Polosukhin},
  title     = {Attention Is All You Need},
  booktitle = {Advances in Neural Information Processing Systems (NeurIPS)},
  pages     = {5998--6008},
  year      = {2017}
}